@article
{shirabe,
   author={Takeshi Shirabe},
   title={A Model of Contiguity for Spatial Unit Allocation},
   journal={Geographical Analysis},
   volume={37},
   year=2005,
   pages={2-16}
}




@article{Fischetti2005,
author="Fischetti, Matteo
and Glover, Fred
and Lodi, Andrea",
title={The feasibility pump},
journal={Mathematical Programming},
year={2005},
volume={104},
number={1},
pages={91--104},
issn={1436-4646},
doi={10.1007/s10107-004-0570-3},
url={http://dx.doi.org/10.1007/s10107-004-0570-3}
}

